@misc{ufcg,
  author = {Jeymisson Oliveira},
  title = {Redes Neurais Artificiais},
  howpublished = "\url{http://www.dsc.ufcg.edu.br/\textasciitilde pet/jornal/setembro2011\\/materias /informatica.html}",
  year = {2011},
}
@misc{cin,
  author = {CIN - UFPE},
  title = {Redes Neurais - CInWiki},
  howpublished = "\url{https://cin.ufpe.br/\textasciitilde pet/wiki/Redes_Neurais#T.C3.B3picos_Abordados}",
  year = {2014},
}
@misc{gcv,
  author = {Germano Vasconcelos},
  title = {Introdução - Redes Neurais},
  howpublished = "\url{http://www.cin.ufpe.br/\textasciitilde gcv/web_lci/Aula-introducao.pdf}",
  year = {2018},
}
@misc{gcv2,
  author = {Germano Vasconcelos},
  title = {Aula - ART},
  howpublished = "\url{http://www.cin.ufpe.br/\textasciitilde gcv/web_lci/Aula-ART.pdf}",
  year = {2018},
}
@misc{md,
  author = {Germano Vasconcelos},
  title = {Aula - Perceptrons},
  howpublished = "\url{http://www.cin.ufpe.br/\textasciitilde gcv/web_lci/Aula-Perceptrons.pdf}",
  year = {2018},
}
@mis{avlc,
  author = {Germano Vasconcelos},
  title = {Aula - RBFs},
  howpublished = "\url{http://www.cin.ufpe.br/\textasciitilde gcv/web_lci/Aula-RBFs.pdf}",
  year = {2018},
}